% Kitty
@InProceedings{saffrich:LIPIcs.ITP.2024.32,
  author =	{Saffrich, Hannes},
  title =	{{Abstractions for Multi-Sorted Substitutions}},
  booktitle =	{15th International Conference on Interactive Theorem Proving (ITP 2024)},
  pages =	{32:1--32:19},
  series =	{Leibniz International Proceedings in Informatics (LIPIcs)},
  ISBN =	{978-3-95977-337-9},
  ISSN =	{1868-8969},
  year =	{2024},
  volume =	{309},
  editor =	{Bertot, Yves and Kutsia, Temur and Norrish, Michael},
  publisher =	{Schloss Dagstuhl -- Leibniz-Zentrum f{\"u}r Informatik},
  address =	{Dagstuhl, Germany},
  URL =		{https://drops.dagstuhl.de/entities/document/10.4230/LIPIcs.ITP.2024.32},
  URN =		{urn:nbn:de:0030-drops-207609},
  doi =		{10.4230/LIPIcs.ITP.2024.32},
  annote =	{Keywords: Agda, Metatheory, Framework}
}
% Autosubst 2
@inproceedings{10.1145/3293880.3294101,
  author = {Stark, Kathrin and Sch\"{a}fer, Steven and Kaiser, Jonas},
  title = {Autosubst 2: reasoning with multi-sorted de Bruijn terms and vector substitutions},
  year = {2019},
  isbn = {9781450362221},
  publisher = {Association for Computing Machinery},
  address = {New York, NY, USA},
  url = {https://doi.org/10.1145/3293880.3294101},
  doi = {10.1145/3293880.3294101},
  pages = {166–180},
  numpages = {15},
  keywords = {sigma-calculus, parallel substiutions, multi-sorted terms, de Bruijn repersentation},
  location = {Cascais, Portugal},
  series = {CPP 2019}
}
@phdthesis{Stark:2020:Mechanising,
  author       = {Kathrin Stark},
  title        = {Mechanising Syntax with Binders in {Coq}},
  school       = {Saarland University},
  address      = {Saarbrücken, Germany},
  year         = {2020},
  month        = {January},
  pages        = {206},
  note         = {Dissertation zur Erlangung des Grades des Doktors der Ingenieurwissenschaften (Dr.-Ing.)},
}
% Nominal 2
@inproceedings{10.1007/11532231_4,
  author = {Urban, Christian and Tasson, Christine},
  title = {Nominal techniques in Isabelle/HOL},
  year = {2005},
  isbn = {3540280057},
  publisher = {Springer-Verlag},
  address = {Berlin, Heidelberg},
  url = {https://doi.org/10.1007/11532231_4},
  doi = {10.1007/11532231_4},
  booktitle = {Proceedings of the 20th International Conference on Automated Deduction},
  pages = {38–53},
  numpages = {16},
  keywords = {lambda-calculus, nominal logic, structural induction, theorem-assistants},
  location = {Tallinn, Estonia},
  series = {CADE' 20}
}
% Universe
@misc{allais2021typescopesafeuniverse,
  title={A Type and Scope Safe Universe of Syntaxes with Binding: Their Semantics and Proofs}, 
  author={Guillaume Allais and Robert Atkey and James Chapman and Conor McBride and James McKinna},
  year={2021},
  eprint={2001.11001},
  archivePrefix={arXiv},
  primaryClass={cs.PL},
  url={https://arxiv.org/abs/2001.11001}, 
}
% Kits
@article{stronglytyped,
  author = {Benton, Nick and Hur, Chung-Kil and Kennedy, Andrew and McBride, Conor},
  year = {2012},
  month = {08},
  pages = {1-19},
  title = {Strongly Typed Term Representations in Coq},
  volume = {49},
  journal = {Journal of Automated Reasoning - JAR},
  doi = {10.1007/s10817-011-9219-0}
}
@unpublished{ren-sub,
  author       = {Conor McBride},
  title        = {Type-preserving renaming and substitution},
  note         = {Unpublished manuscript},
  year         = {2005},
  url          = {http://strictlypositive.org/ren-sub.pdf},
  howpublished = {\url{http://strictlypositive.org/ren-sub.pdf}}
}
% Rewriting 
@InProceedings{cockx:LIPIcs.TYPES.2019.2,
  author =	{Cockx, Jesper},
  title =	{{Type Theory Unchained: Extending Agda with Userined Rewrite Rules}},
  booktitle =	{25th International Conference on Types for Proofs and Programs (TYPES 2019)},
  pages =	{2:1--2:27},
  series =	{Leibniz International Proceedings in Informatics (LIPIcs)},
  ISBN =	{978-3-95977-158-0},
  ISSN =	{1868-8969},
  year =	{2020},
  volume =	{175},
  editor =	{Bezem, Marc and Mahboubi, Assia},
  publisher =	{Schloss Dagstuhl -- Leibniz-Zentrum f{\"u}r Informatik},
  address =	{Dagstuhl, Germany},
  URL =		{https://drops.dagstuhl.de/entities/document/10.4230/LIPIcs.TYPES.2019.2},
  URN =		{urn:nbn:de:0030-drops-130666},
  doi =		{10.4230/LIPIcs.TYPES.2019.2},
  annote =	{Keywords: Dependent types, Proof assistants, Rewrite rules, Higher-order rewriting, Agda}
}
@article{10.1145/3434341,
  author = {Cockx, Jesper and Tabareau, Nicolas and Winterhalter, Th\'{e}o},
  title = {The taming of the rew: a type theory with computational assumptions},
  year = {2021},
  issue_date = {January 2021},
  publisher = {Association for Computing Machinery},
  address = {New York, NY, USA},
  volume = {5},
  number = {POPL},
  url = {https://doi.org/10.1145/3434341},
  doi = {10.1145/3434341},
  journal = {Proc. ACM Program. Lang.},
  month = jan,
  articleno = {60},
  numpages = {29},
  keywords = {type theory, termination, rewriting theory, dependent types, confluence}
}
% Substitutions
@inproceedings{10.1145/96709.96712,
  author = {Abadi, M. and Cardelli, L. and Curien, P.-L. and Levy, J.-J.},
  title = {Explicit substitutions},
  year = {1989},
  isbn = {0897913434},
  publisher = {Association for Computing Machinery},
  address = {New York, NY, USA},
  url = {https://doi.org/10.1145/96709.96712},
  doi = {10.1145/96709.96712},
  booktitle = {Proceedings of the 17th ACM SIGPLAN-SIGACT Symposium on Principles of Programming Languages},
  pages = {31–46},
  numpages = {16},
  location = {San Francisco, California, USA},
  series = {POPL '90}
}
@inproceedings{10.1145/2676724.2693163,
author = {Sch\"{a}fer, Steven and Smolka, Gert and Tebbi, Tobias},
  title = {Completeness and Decidability of de Bruijn Substitution Algebra in Coq},
  year = {2015},
  isbn = {9781450332965},
  publisher = {Association for Computing Machinery},
  address = {New York, NY, USA},
  url = {https://doi.org/10.1145/2676724.2693163},
  doi = {10.1145/2676724.2693163},
  booktitle = {Proceedings of the 2015 Conference on Certified Programs and Proofs},
  pages = {67–73},
  numpages = {7},
  keywords = {finite axiomatization, explicit substitutions, decision procedures, de bruijn terms, coq, completeness, algebra},
  location = {Mumbai, India},
  series = {CPP '15}
}
@article{10.1145/226643.226675,
  author = {Curien, Pierre-Louis and Hardin, Th\'{e}r\`{e}se and L\'{e}vy, Jean-Jacques},
  title = {Confluence properties of weak and strong calculi of explicit substitutions},
  year = {1996},
  issue_date = {March 1996},
  publisher = {Association for Computing Machinery},
  address = {New York, NY, USA},
  volume = {43},
  number = {2},
  issn = {0004-5411},
  url = {https://doi.org/10.1145/226643.226675},
  doi = {10.1145/226643.226675},
  journal = {J. ACM},
  month = mar,
  pages = {362–397},
  numpages = {36},
  keywords = {confluency, explicit substitutions}
}
% System F 
@phdthesis{girard1972,
  author       = {Jean-Yves Girard},
  title        = {Interprétation fonctionnelle et élimination des coupures de l’arithmétique d’ordre supérieur},
  school       = {Éditeur inconnu},
  year         = {1972},
  type         = {PhD thesis},
  language     = {french}
}
% System F Sub
@article{CARDELLI19944,
title = {An Extension of System F with Subtyping},
journal = {Information and Computation},
volume = {109},
number = {1},
pages = {4-56},
year = {1994},
issn = {0890-5401},
doi = {https://doi.org/10.1006/inco.1994.1013},
url = {https://www.sciencedirect.com/science/article/pii/S0890540184710133},
author = {L. Cardelli and S. Martini and J.C. Mitchell and A. Scedrov},
}⏎
# MLTT 
@book{martinlof1984,
  author    = {Per Martin-L{\"o}f},
  title     = {Intuitionistic Type Theory},
  year      = {1984},
  publisher = {Bibliopolis},
  address   = {Naples},
  note      = {Notes by Giovanni Sambin of a series of lectures given in Padua, June 1980}
}