@InProceedings{saffrich:LIPIcs.ITP.2024.32,
  author =	{Saffrich, Hannes},
  title =	{{Abstractions for Multi-Sorted Substitutions}},
  booktitle =	{15th International Conference on Interactive Theorem Proving (ITP 2024)},
  pages =	{32:1--32:19},
  series =	{Leibniz International Proceedings in Informatics (LIPIcs)},
  ISBN =	{978-3-95977-337-9},
  ISSN =	{1868-8969},
  year =	{2024},
  volume =	{309},
  editor =	{Bertot, Yves and Kutsia, Temur and Norrish, Michael},
  publisher =	{Schloss Dagstuhl -- Leibniz-Zentrum f{\"u}r Informatik},
  address =	{Dagstuhl, Germany},
  URL =		{https://drops.dagstuhl.de/entities/document/10.4230/LIPIcs.ITP.2024.32},
  URN =		{urn:nbn:de:0030-drops-207609},
  doi =		{10.4230/LIPIcs.ITP.2024.32},
  annote =	{Keywords: Agda, Metatheory, Framework}
}
@inproceedings{10.1145/3293880.3294101,
  author = {Stark, Kathrin and Sch\"{a}fer, Steven and Kaiser, Jonas},
  title = {Autosubst 2: reasoning with multi-sorted de Bruijn terms and vector substitutions},
  year = {2019},
  isbn = {9781450362221},
  publisher = {Association for Computing Machinery},
  address = {New York, NY, USA},
  url = {https://doi.org/10.1145/3293880.3294101},
  doi = {10.1145/3293880.3294101},
  pages = {166â€“180},
  numpages = {15},
  keywords = {sigma-calculus, parallel substiutions, multi-sorted terms, de Bruijn repersentation},
  location = {Cascais, Portugal},
  series = {CPP 2019}
}
@misc{allais2021typescopesafeuniverse,
  title={A Type and Scope Safe Universe of Syntaxes with Binding: Their Semantics and Proofs}, 
  author={Guillaume Allais and Robert Atkey and James Chapman and Conor McBride and James McKinna},
  year={2021},
  eprint={2001.11001},
  archivePrefix={arXiv},
  primaryClass={cs.PL},
  url={https://arxiv.org/abs/2001.11001}, 
}
@article{stronglytyped,
  author = {Benton, Nick and Hur, Chung-Kil and Kennedy, Andrew and McBride, Conor},
  year = {2012},
  month = {08},
  pages = {1-19},
  title = {Strongly Typed Term Representations in Coq},
  volume = {49},
  journal = {Journal of Automated Reasoning - JAR},
  doi = {10.1007/s10817-011-9219-0}
}
@unpublished{ren-sub,
  author       = {Conor McBride},
  title        = {Type-preserving renaming and substitution},
  note         = {Unpublished manuscript},
  year         = {2005},
  url          = {http://strictlypositive.org/ren-sub.pdf},
  howpublished = {\url{http://strictlypositive.org/ren-sub.pdf}}
}